% Publication list of Sebastian Sauer



@preamble{ " \newcommand{\noop}[1]{} " } % a do-nothing command that serves a purpose





@article{kohls2009facets,
author = {Kohls, Niko and Sauer, S and Walach, Harald},
doi = {https://doi.org/10.1016/j.paid.2008.10.009},
file = {:Users/sebastiansauer/Documents/Literatur/Klinpsy{\_}Psychotherapie{\_}Handlungskompetenz/Achtsamkeit/Diagnostik{\_}Messen/kohls{\_}sauer{\_}walach{\_}2009.pdf:pdf},
journal = {Personality and Individual Differences},
number = {2},
pages = {224--230},
publisher = {Pergamon},
title = {{Facets of mindfulness--Results of an online study investigating the Freiburg mindfulness inventory}},
url = {http://www.sciencedirect.com/science/article/pii/S0191886908003747},
volume = {46},
year = {2009}
}


@article{sauer2010gray,
  title={Gray's Behavioural Inhibition System as a mediator of mindfulness towards well-being},
  author={Sauer, Sebastian and Walach, Harald and Kohls, Niko},
  journal={Personality and Individual Differences},
  volume={50},
  number={4},
  pages={506--551},
  year={2010},
  publisher={Pergamon}
}

@article{offenbacher2011spirituality,
  title={Spirituality and the International Classification of Functioning, Disability and Health: content comparison of questionnaires measuring mindfulness based on the International Classification of Functioning},
  author={Offenb{\"a}cher, Martin and Sauer, Sebastian and Hieblinger, Robin and Hufford, David J and Walach, Harald and Kohls, Niko},
  journal={Disability \& Rehabilitation},
  volume={33},
  number={25},
  pages={2434--2445},
  year={2011},
  publisher={Informa Healthcare}
}

@incollection{sauer2011mindfulness,
  title={Mindfulness in Leadership: Does Being Mindful Enhance Leaders’ Business Success?},
  author={Sauer, Sebastian and Kohls, Niko},
  booktitle={Culture and Neural Frames of Cognition and Communication},
  pages={287--307},
  year={2011},
  publisher={Springer}
}

@article{sauer2011dialectics,
  title={Dialectics of mindfulness: implications for western medicine},
  author={Sauer, Sebastian and Lynch, Siobhan and Walach, Harald and Kohls, Niko},
  journal={Philosophy, Ethics, and Humanities in Medicine},
  volume={6},
  number={1},
  pages={10},
  year={2011},
  publisher={BioMed Central}
}

@article{kohls2011spirituality,
  title={Spirituality: an overlooked predictor of placebo effects?},
  author={Kohls, Nikola and Sauer, Sebastian and Offenb{\"a}cher, Martin and Giordano, James},
  journal={Philosophical Transactions of the Royal Society of London B: Biological Sciences},
  volume={366},
  number={1572},
  pages={1838--1848},
  year={2011},
  publisher={The Royal Society}
}

@inproceedings{schulke2010unterstutzende,
  title={Unterst{\"u}tzende Technologien: Ethische, rechtliche, philosophische und psychologische Fragen},
  author={Sch{\"u}lke, Astrid and Sch{\"u}lke, Astrid and Plischke, Herbert and Plischke, Herbert and Sauer, Sebastian and Sauer, Sebastian and Kohls, Niko and Kohls, Niko and Kohls, Niko},
  booktitle={Ambient Assisted Living-AAL},
  year={2010},
  organization={VDE}
}

@article{sauer2011implicit,
  title={Implicit and explicit emotional behavior and mindfulness},
  author={Sauer, Sebastian and Walach, Harald and Schmidt, Stefan and Hinterberger, Thilo and Horan, Majella and Kohls, Niko},
  journal={Consciousness and Cognition},
  volume={20},
  number={4},
  pages={1558--1569},
  year={2011},
  publisher={Academic Press}
}

@article{hazzam2011implementing,
  title={Implementing ambient assisting technologies in elder-care: Results of a pilot study},
  author={Hazzam, Astrid and Kohls, Niko and Plankensteiner, Astrid and Becker, Ulrich and Ritter, Walter and Maier, Edith and Plischke, Herbert and Sauer, Sebastian and Grigore, Ovidiu and Pohl, Wilfried and others},
  journal={Synesis: A Journal of Science, Technology, Ethics, and Policy},
  volume={2},
  number={1},
  pages={G27--G38},
  year={2011}
}

@article{offenbacher2012quality,
  title={Quality of life in patients with fibromyalgia: validation and psychometric properties of the German Quality of Life Scale (QOLS-G).},
  author={Offenb{\"a}cher, M and Sauer, S and Kohls, N and Waltz, M and Schoeps, P},
  journal={Rheumatology international},
  volume={32},
  number={10},
  pages={3243--3252},
  year={2012},
  publisher={Springer}
}

@article{sauer2011measuring,
  title={Measuring mindfulness: a Rasch analysis of the Freiburg mindfulness inventory},
  author={Sauer, Sebastian and Walach, Harald and Offenb{\"a}cher, Martin and Lynch, Siobhan and Kohls, Niko},
  journal={Religions},
  volume={2},
  number={4},
  pages={693--706},
  year={2011},
  publisher={Molecular Diversity Preservation International}
}

@article{sauer2012long,
  title={How long is now for mindfulness meditators?},
  author={Sauer, Sebastian and Lemke, Jana and Wittmann, Marc and Kohls, Niko and Mochty, Ursula and Walach, Harald},
  journal={Personality and Individual Differences},
  volume={52},
  number={6},
  pages={750--754},
  year={2012},
  publisher={Pergamon}
}

@article{walach2012mind,
  title={Mind-body practices in integrative medicine},
  author={Walach, Harald and Ferrari, Marie-Louise Gander and Sauer, Sebastian and Kohls, Niko},
  journal={Religions},
  volume={3},
  number={1},
  pages={50--81},
  year={2012},
  publisher={Molecular Diversity Preservation International}
}

@article{bussing2012associations,
  title={Associations Between Mindfulness, Lightheartedness, and Inner Correspondence in Yoga Practitioners},
  author={B{\"u}ssing, Arndt and Hedtst{\"u}ck, Anemone and Sauer, Sebastian and Michalsen, Andreas and Ostermann, Thomas and Heusser, Peter},
  journal={Mindfulness},
  volume={3},
  number={3},
  pages={227--234},
  year={2012},
  publisher={Springer New York}
}

@article{sauer2013assessment,
  title={Assessment of mindfulness: review on state of the art},
  author={Sauer, Sebastian and Walach, Harald and Schmidt, Stefan and Hinterberger, Thilo and Lynch, Siobhan and B{\"u}ssing, Arndt and Kohls, Niko},
  journal={Mindfulness},
  volume={4},
  number={1},
  pages={3--17},
  year={2013},
  publisher={Springer}
}

@incollection{sauer2010wirkfaktoren,
  title={Wirkfaktoren von Achtsamkeit},
  author={Sauer, Sebastian},
  booktitle={Meditation und Yoga. Achtsamkeit, Heilung, Selbsterkenntnis},
  pages={167--186},
  year={2010},
  publisher={Klotz}
}

@misc{daubner2011kontrakturenpravention,
  title={Kontrakturenpr{\"a}vention in der Langzeitpflege {\"A}lterer},
  author={Daubner, Andrea and Herold-Majumdar, Astrid and Offenb{\"a}cher, Martin, Rie{\ss}, Janosch, Sauer, Sebastian},
  year={2011},
  publisher={Institut f{\"u}r Qualit{\"a}t in der Pflege e.V. (IQP)}
}

@misc{sauer2012kann,
  title={Kann man Achtsamkeit messen? Eine kritische Bestandsaufnahme aktueller Messans{\"a}tze von Achtsamkeit},
  author={Sauer, Sebastian},
  journal={Meditation und Achtsamkeit: Altes Wissen schafft neue Wissenschaft},
  pages={129--144},
  year={2012},
  publisher={Klotz}
}

@article{sauer2013specific,
  title={Specific Objectivity of Mindfulness—A Rasch Analysis of the Freiburg Mindfulness Inventory},
  author={Sauer, Sebastian and Ziegler, Matthias and Danay, Erik and Ives, John and Kohls, Niko},
  journal={Mindfulness},
  volume={4},
  number={1},
  pages={45--54},
  year={2013},
  publisher={Springer}
}

@article{belzer2013challenging,
  title={Challenging the Construct Validity of Mindfulness Assessment—a Cognitive Interview Study of the Freiburg Mindfulness Inventory},
  author={Belzer, Florian and Schmidt, Stefan and Lucius-Hoene, Gabriele and Schneider, Johann F and Orellana-Rios, Claudia L and Sauer, Sebastian},
  journal={Mindfulness},
  volume={4},
  number={1},
  pages={33--44},
  year={2013},
  publisher={Springer}
}

@article{sauer2012rasch,
  title={Rasch analysis of a simplified Beck Depression Inventory},
  author={Sauer, Sebastian and Ziegler, Matthias and Schmitt, Manfred},
  journal={Personality and Individual Differences},
  volume={54},
  number={3},
  pages={530--535},
  year={2012},
  publisher={Pergamon}
}

@article{kohls2011psychological,
  title={Psychological distress in medical students-a comparison of the Universities of Munich and Witten/Herdecke.},
  author={Kohls, N and B{\"u}ssing, A and Sauer, S and Rie{\ss}, J and Ulrich, C and Vetter, A and Jurkat, HB},
  journal={Zeitschrift fur Psychosomatische Medizin und Psychotherapie},
  volume={58},
  number={4},
  pages={409--416},
  year={2011}
}

@article{sauer2011mindful,
  title={Mindful Leadership: Sind achtsame F{\"u}hrungskr{\"a}fte leistungsf{\"a}higere F{\"u}hrungskr{\"a}fte?},
  author={Sauer, Sebastian and Andert, Karin and Kohls, Niko and M{\"u}ller, G{\"u}nter F.},
  journal={Gruppendynamik und Organisationsberatung},
  volume={42},
  number={4},
  pages={339--439},
  year={2011},
  publisher={Springer}
}

@article{kohls2012psychische,
  title={Psychische Belastungen von Medizinstudierenden an den Universit{\"a}ten M{\"u}nchen und Witten/Herdecke--ein Vergleich},
  author={Kohls, Niko and B{\"u}ssing, Arndt and Sauer, Sebastian and Rie{\ss}, Janosch and Ulrich, Christina and Vetter, Anke and Jurkat, Harald Bernard},
  journal={Zeitschrift f{\"u}r Psychosomatische Medizin und Psychotherapie},
  volume={58},
  number={4},
  pages={409--416},
  year={2012},
  publisher={Vandenhoeck \& Ruprecht GmbH \& Co. KG G{\"o}ttingen}
}

@article{sauer2013rasch,
  title={Rasch-Analyse des Freiburger Fragebogens zur Achtsamkeit},
  author={Sauer, Sebastian and Strobl, Carolin and Walach, Harald and Kohls, Niko},
  journal={Diagnostica},
  volume={59},
  number={2},
  pages={86--99},
  year={2013},
  publisher={Hogrefe}
}

@inproceedings{kohls2010custodial,
  title={Custodial measures in nursing. Bayern study 2008/2009: data collection and comparison},
  author={Kohls, N and Randzio, O and Sauer, S and Herold-Majumdar, A and Plischke, H and Berzlanovich, A},
  booktitle={Zeitschrift f{\"u} Gerontologie und Geriatrie},
  volume={43},
  pages={15--15},
  year={2010},
  organization={Springer}
}

@incollection{berzlanovich2013achtsamkeit,
  title={Achtsamkeit in Organisationen: Vom Stressmanagement {\"u}ber das achtsame Interagieren und F{\"u}hren zur bewussten Gestaltung von Ver{\"a}nderungsprozessen},
  author={Berzlanovich, Andrea and others},
  booktitle={Kompetenz, Interdisziplinarit{\"a}t und Komplexit{\"a}t in der Betriebswirtschaftslehre},
  pages={163--177},
  year={2013},
  publisher={Springer}
}

@article{herold2013kontrakturpravention,
  title={Kontrakturpr{\"a}vention in der Langzeitpflege von Menschen im fortgeschrittenen Alter--Stand der Forschung und Bedeutung f{\"u}r die Praxis},
  author={Herold-Majumdar, A and Rie{\ss}, J and Daubner, A and Randzio, O and Kohls, NB and M{\"u}ller, M and Offenb{\"a}cher, M and Sauer, S},
  journal={Das Gesundheitswesen},
  volume={75},
  number={08/09},
  pages={A68},
  year={2013},
  publisher={Thieme}
}

@incollection{kaltwasser2014mindfulness,
  title={Mindfulness in German Schools (MISCHO): A Specifically Tailored Training Program: Concept, Implementation and Empirical Results},
  author={Kaltwasser, Vera and Sauer, Sebastian and Kohls, Niko},
  booktitle={Meditation--Neuroscientific approaches and philosophical implications},
  pages={381--404},
  year={2014},
  publisher={Springer}
}

@article{offenbacher2013contractures,
  title={Contractures with special reference in elderly: definition and risk factors--a systematic review with practical implications},
  author={Offenb{\"a}cher, M and Sauer, S and Rie{\ss}, J and M{\"u}ller, M and Grill, E and Daubner, A and Randzio, O and Kohls, N and Herold-Majumdar, A},
  journal={Disability and rehabilitation},
  volume={36},
  number={7},
  pages={529--538},
  year={2013},
  publisher={Taylor \& Francis}
}

@article{sauer2015mindful,
  title={Mindful in a random forest: Assessing the validity of mindfulness items using random forests methods},
  author={Sauer, Sebastian and Lemke, Jana and Zinn, Winfried and Buettner, Ricardo and Kohls, Niko},
  journal={Personality and Individual Differences},
  volume={81},
  pages={117--123},
  year={2015},
  publisher={Pergamon}
}

@inproceedings{buettner2015towards,
  title={Towards ex ante Prediction of User Performance: A novel NeuroIS Methodology based on Real-Time Measurement of Mental Effort},
  author={Buettner, Ricardo and Sauer, Sebastian and Maier, Christian and Eckhardt, Andreas},
  booktitle={HICCS-48, Hawaii},
  year={2015},
  organization={DOI: 10.13140/2.1.4133.7603}
}

@inproceedings{plischke2014nichtstorendes,
  title={Nichtst{\"o}rendes Schlafmonitoring  mit SensBed},
  author={Plischke, Herbert and Sauer, Sebastian and Novotny, Philipp and Philipp, Christiane and Riess, Janosch and Steinhage, Axel},
  booktitle={Assistenztechnik f{\"u}r betreutes Wohnen - Usability Day XII},
  volume={12},
  pages={99--109},
  year={2014}
}

@article{sauer2016mindful,
  title={Mindful Machine Learning},
  author={Sauer, Sebastian and Buettner, Ricardo and Heidenreich, Thomas and Lemke, Jana and Berg, Christoph and Kurz, Christoph},
  journal={European Journal of Psychological Assessment},
  year={2016},
  publisher={Hogrefe}
}

@article{zinn2016german,
  title={The German Inpatient Satisfaction Scale: A Large-Scale Survey of Perceived Quality by Inpatients},
  author={Zinn, Winfried and Sauer, Sebastian and G{\"o}llner, Richard},
  journal={SAGE Open},
  volume={6},
  number={2},
  pages={2158244016643140},
  year={2016},
  publisher={SAGE}
}

@inproceedings{sauer2016making,
  title={Making research reproducible using literate programming},
  author={Sauer, Sebastian and Sulzenbruck, Sandra and Ferreira, Yvonne and Kurz, Christoph},
  booktitle={DAGSTAT 2016},
  year={2016},
  organization={DOI 10.13140/RG.2.1.2796.8401}
}


@article{sauer2011affective,
  title={Affective Reactivity as a Mediator of Mindfulness Towards Well-being},
  author={Sauer, Sebastian and Walach, Harald and Kohls, Niko},
  journal={Personality and Individual Differences},
  volume={50},
  number={4},
  pages={506--511},
  year={2011}
}

@article{sauer2011wirkfaktoren,
  title={Wirkfaktoren von Achtsamkeit},
  author={Sauer, Sebastian},
  journal={Wirkt Achtsamkeit durch Verringerung der affektiven Reaktivit{\"a}t},
  year={2011}
}

@article{sauer2016effect,
  title={The effect of a status symbol on success in online dating: an experimental study (data paper)},
  author={Sauer, Sebastian and Wolff, Alexander},
  journal={The Winnower},
  year={2016},
  publisher={10.15200/winn.147241.13309}
}






@article{Lenhardetal2017,
author = {Lenhard Fabian and Sauer Sebastian and Andersson Erik and Månsson Kristoffer NT and Mataix‐Cols David and Rück Christian and Serlachius Eva},
title = {Prediction of outcome in internet‐delivered cognitive behaviour therapy for paediatric obsessive‐compulsive disorder: A machine learning approach},
journal = {International Journal of Methods in Psychiatric Research},
volume = {27},
number = {1},
pages = {e1576},
keywords = {cognitive behaviour therapy, internet, machine‐learning, obsessive–compulsive disorder, prediction},
doi = {10.1002/mpr.1576},
url = {https://onlinelibrary.wiley.com/doi/abs/10.1002/mpr.1576},
eprint = {https://onlinelibrary.wiley.com/doi/pdf/10.1002/mpr.1576},
note = {e1576 IJMPR-Mar-2017-0037.R1},
abstract = {Abstract Background There are no consistent predictors of treatment outcome in paediatric obsessive–compulsive disorder (OCD). One reason for this might be the use of suboptimal statistical methodology. Machine learning is an approach to efficiently analyse complex data. Machine learning has been widely used within other fields, but has rarely been tested in the prediction of paediatric mental health treatment outcomes. Objective To test four different machine learning methods in the prediction of treatment response in a sample of paediatric OCD patients who had received Internet‐delivered cognitive behaviour therapy (ICBT). Methods Participants were 61 adolescents (12–17 years) who enrolled in a randomized controlled trial and received ICBT. All clinical baseline variables were used to predict strictly defined treatment response status three months after ICBT. Four machine learning algorithms were implemented. For comparison, we also employed a traditional logistic regression approach. Results Multivariate logistic regression could not detect any significant predictors. In contrast, all four machine learning algorithms performed well in the prediction of treatment response, with 75 to 83\% accuracy. Conclusions The results suggest that machine learning algorithms can successfully be applied to predict paediatric OCD treatment outcome. Validation studies and studies in other disorders are warranted.}
}





@article{Buettner2018aa,
  Author = {Buettner, Ricardo and Sauer, Sebastian and Maier, Christian and Eckhardt, Andreas},
  Booktitle = {Real-time Prediction of User Performance based on Pupillary Assessment via Eye Tracking},
  Date-Added = {2018-06-19 10:19:47 +0000},
  Date-Modified = {2018-06-19 10:21:18 +0000},
  Doi = {10.17705/1thci.00103},
  Journal = {AIS Transactions on Human-Computer Interaction},
  Number = {1},
  Pages = {26-56},
  Title = {Real-time Prediction of User Performance based on Pupillary Assessment via Eye Tracking},
  Volume = {10},
  Year = {2018}}



@Article{Sülzenbrück2017,
author="S{\"u}lzenbr{\"u}ck, Sandra
and Sauer, Sebastian
and Berg, Christoph",
title="Editorial zum Themenheft Arbeitst{\"a}tigkeiten und -formen in komplexen Umgebungen",
journal="Zeitschrift f{\"u}r Arbeitswissenschaft",
year="2017",
month="Oct",
day="01",
volume="71",
number="3",
pages="141--141",
issn="2366-4681",
doi="10.1007/s41449-017-0070-y",
url="https://doi.org/10.1007/s41449-017-0070-y"
}


@Article{Ferreira2017,
author="Ferreira, Yvonne
and Suelzenbrueck, Sandra
and Sauer, Sebastian",
title="Zurich Model Revisited -- validation of the model of different forms of work satisfaction",
journal="Zeitschrift f{\"u}r Arbeitswissenschaft",
year="2017",
month="Oct",
day="01",
volume="71",
number="3",
pages="157--168",
abstract="Job satisfaction is one of the most prominent working models of occupational and organizational psychology. So far, job satisfaction has been operationalized mainly as a one-dimensional model; this not only repeatedly led to mistakes but also to excessively positive judgements of the job satisfaction. The necessity to see the creation of job satisfaction as a much more complex process was taken into account by the Model of Different Forms of Work Satisfaction (Zurich Model) (Z{\"u}rcher Modell der Arbeitszufriedenheit) (Bruggemann 1974; Bruggemann 1976). The present article describes the empirical and theoretical evolution of this extensive model into the ``Zurich Model Revisited'' which offers the scientific basis for developing an innovative questionnaire (Ferreira, submitted 2017).",
issn="2366-4681",
doi="10.1007/s41449-017-0060-0",
url="https://doi.org/10.1007/s41449-017-0060-0"
}




@misc{Sauer2017aa,
  Author = {Sauer, Sebastian and Buettner, Ricardo},
  Date-Added = {2018-06-19 10:29:52 +0000},
  Date-Modified = {2018-06-19 10:31:22 +0000},
  Howpublished = {Talk},
  Month = {09},
  Title = {Performanz in Echtzeit vorhersagen: Eine Beobachtungsstudie auf Basis der Pupillendilation},
  Year = {2017}}



@inproceedings{Sauer2016aa,
  Author = {Sauer, Sebastian and Kurz, Christoph},
  Booktitle = {50. Kongress der Deutschen Gesellschaft f{\"u}r Psychologie - Programm.},
  Date-Added = {2018-06-19 10:37:21 +0000},
  Date-Modified = {2018-06-19 10:38:16 +0000},
  Title = {Reproducible Paper Writing},
  Year = {2016}}




@inproceedings{Sauer2017ac,
  Author = {Sauer, Sebastian and Luebke, Karsten},
  Booktitle = {13. Tagung der FAchgruppe f{\"u}r Methoden und Evaluation der Deutschen Gesellschaft f{\"u}r Psychologie - Tagungsband},
  Date-Added = {2018-06-19 10:40:51 +0000},
  Date-Modified = {2018-06-19 10:42:47 +0000},
  Month = {09},
  Pages = {18},
  Publisher = {T{\"u}bingen},
  Title = {Observation Oriented Modeling - Ein alternativer Ansatz f{\"u}r statistische Modellierung},
  Year = {2017}}




@inproceedings{Sauer2017ad,
  Address = {Dresden},
  Author = {Sauer, Sebastian},
  Booktitle = {10. Tagung der Fachgruppe Arbeits-, Organisations- und Wirtschaftspsychologie der Deutschen Gesellschaft f{\"u}r Psychologie "Human Performance in Socio-Technical Systems" - Programm},
  Date-Added = {2018-06-19 10:44:22 +0000},
  Date-Modified = {2018-06-19 10:45:53 +0000},
  Month = {09},
  Pages = {419},
  Title = {Textmining als Instrument der Organisationsdiagnose?},
  Year = {2017}}




@inproceedings{Sauer2017ae,
  Address = {Dresden},
  Author = {Sauer, Sebastian and Buettner, Ricardo},
  Booktitle = {10. Tagung der Fachgruppe Arbeits-, Organisations- und Wirtschaftspsychologie der Deutschen Gesellschaft f{\"u}r Psychologie "Human Performance in Socio-Technical Systems" - Programm},
  Date-Added = {2018-06-19 10:46:50 +0000},
  Date-Modified = {2018-06-19 10:47:29 +0000},
  Month = {09},
  Title = {Performanz-Vorhersage in Echtzeit auf Basis der Pupillendilation},
  Year = {2017}}



@Article{Sauer2017,
author="Sauer, Sebastian",
title="Observation oriented modeling revised from a statistical point of view",
journal="Behavior Research Methods",
year="2017",
month="Aug",
day="25",
abstract="Observation Oriented Modeling was proposed to overcome some of the problems in the application of statistical inference methods in the behavioral sciences. In this paper, we refine one part of this approach and show how it is connected to methods that are well known in statistical learning. Specifically, we argue that the Moore-Penrose pseudo inverse is superior to the initial solution from a statistical point of view. With this we also show that Observation Oriented Modeling can indeed be appropriate for some tasks in the analysis of observed data. To provide a practical example, we demonstrate the revised method by analyzing the effect of mindfulness training on attentional processes.",
issn="1554-3528",
doi="10.3758/s13428-017-0949-8",
url="https://doi.org/10.3758/s13428-017-0949-8"
}


