@book{diez2012openintro,
  title={OpenIntro statistics},
  author={Diez, David M and Barr, Christopher D and Cetinkaya-Rundel, Mine},
  year={2012},
  publisher={CreateSpace}
}
