@Manual{apaTables,
  title = {apaTables: Create American Psychological Association (APA) Style Tables},
  author = {David Stanley},
  year = {2018},
  note = {R package version 2.0.2},
  url = {https://CRAN.R-project.org/package=apaTables},
}

@Manual{BayesFactor,
  title = {BayesFactor: Computation of Bayes Factors for Common Designs},
  author = {Richard D. Morey and Jeffrey N. Rouder},
  year = {2015},
  note = {R package version 0.9.12-4},
  url = {http://bayesfactorpcl.r-forge.r-project.org/},
}

@Manual{BaylorEdPsych,
  title = {BaylorEdPsych: R Package for Baylor University Educational Psychology
Quantitative Courses},
  author = {A. Alexander Beaujean},
  year = {2012},
  note = {R package version 0.5},
  url = {https://CRAN.R-project.org/package=BaylorEdPsych},
}

@Manual{boot1,
  title = {boot: Bootstrap R (S-Plus) Functions},
  author = {Angelo Canty and B. D. Ripley},
  year = {2017},
  note = {R package version 1.3-20},
}

@Book{boot2,
  title = {Bootstrap Methods and Their Applications},
  author = {A. C. Davison and D. V. Hinkley},
  publisher = {Cambridge University Press},
  address = {Cambridge},
  year = {1997},
  note = {ISBN 0-521-57391-2},
  url = {http://statwww.epfl.ch/davison/BMA/},
}

@Manual{bootES,
  title = {bootES: Bootstrap Effect Sizes},
  author = {Daniel Gerlanc and Kris Kirby},
  year = {2015},
  note = {R package version 1.2},
  url = {https://CRAN.R-project.org/package=bootES},
}

@Manual{broom,
  title = {broom: Convert Statistical Analysis Objects into Tidy Data Frames},
  author = {David Robinson},
  year = {2018},
  note = {R package version 0.4.4},
  url = {https://CRAN.R-project.org/package=broom},
}

@Book{car,
  title = {An {R} Companion to Applied Regression},
  edition = {Second},
  author = {John Fox and Sanford Weisberg},
  year = {2011},
  publisher = {Sage},
  address = {Thousand Oaks {CA}},
  url = {http://socserv.socsci.mcmaster.ca/jfox/Books/Companion},
}

@Manual{caret,
  title = {caret: Classification and Regression Training},
  author = {Max Kuhn. Contributions from Jed Wing and Steve Weston and Andre Williams and Chris Keefer and Allan Engelhardt and Tony Cooper and Zachary Mayer and Brenton Kenkel and the R Core Team and Michael Benesty and Reynald Lescarbeau and Andrew Ziem and Luca Scrucca and Yuan Tang and Can Candan and Tyler Hunt.},
  year = {2018},
  note = {R package version 6.0-79},
  url = {https://CRAN.R-project.org/package=caret},
}

@Manual{cluster,
  title = {cluster: Cluster Analysis Basics and Extensions},
  author = {Martin Maechler and Peter Rousseeuw and Anja Struyf and Mia Hubert and Kurt Hornik},
  year = {2018},
  note = {R package version 2.0.7 --- For new features, see the 'Changelog' file (in the package source)},
}

@Manual{corrplot,
  title = {R package "corrplot": Visualization of a Correlation Matrix},
  author = {Taiyun Wei and Viliam Simko},
  year = {2017},
  note = {(Version 0.84)},
  url = {https://github.com/taiyun/corrplot},
}

@Manual{corrr,
  title = {corrr: Correlations in R},
  author = {Simon Jackson},
  year = {2016},
  note = {R package version 0.2.1},
  url = {https://CRAN.R-project.org/package=corrr},
}

@Manual{cowplot,
  title = {cowplot: Streamlined Plot Theme and Plot Annotations for 'ggplot2'},
  author = {Claus O. Wilke},
  year = {2017},
  note = {R package version 0.9.2},
  url = {https://CRAN.R-project.org/package=cowplot},
}

@Manual{datasets,
  title = {R: A Language and Environment for Statistical Computing},
  author = {{R Core Team}},
  organization = {R Foundation for Statistical Computing},
  address = {Vienna, Austria},
  year = {2017},
  url = {https://www.R-project.org/},
}

@Manual{devtools,
  title = {devtools: Tools to Make Developing R Packages Easier},
  author = {Hadley Wickham and Jim Hester and Winston Chang},
  year = {2018},
  note = {R package version 1.13.5},
  url = {https://CRAN.R-project.org/package=devtools},
}

@Manual{doMC,
  title = {doMC: Foreach Parallel Adaptor for 'parallel'},
  author = {Revolution Analytics and Steve Weston},
  year = {2017},
  note = {R package version 1.3.5},
  url = {https://CRAN.R-project.org/package=doMC},
}

@Manual{dplyr,
  title = {dplyr: A Grammar of Data Manipulation},
  author = {Hadley Wickham and Romain Francois and Lionel Henry and Kirill MÃ¼ller},
  year = {2017},
  note = {R package version 0.7.4},
  url = {https://CRAN.R-project.org/package=dplyr},
}

@Manual{extrafont,
  title = {extrafont: Tools for using fonts},
  author = {Winston Chang,},
  year = {2014},
  note = {R package version 0.17},
  url = {https://CRAN.R-project.org/package=extrafont},
}

@Manual{formattable,
  title = {formattable: Create 'Formattable' Data Structures},
  author = {Kun Ren and Kenton Russell},
  year = {2016},
  note = {R package version 0.2.0.1},
  url = {https://CRAN.R-project.org/package=formattable},
}

@Manual{GGally,
  title = {GGally: Extension to 'ggplot2'},
  author = {Barret Schloerke and Jason Crowley and Di Cook and Francois Briatte and Moritz Marbach and Edwin Thoen and Amos Elberg and Joseph Larmarange},
  year = {2017},
  note = {R package version 1.3.2},
  url = {https://CRAN.R-project.org/package=GGally},
}

@Article{ggmap,
  author = {David Kahle and Hadley Wickham},
  title = {ggmap: Spatial Visualization with ggplot2},
  journal = {The R Journal},
  year = {2013},
  volume = {5},
  number = {1},
  pages = {144--161},
  url = {http://journal.r-project.org/archive/2013-1/kahle-wickham.pdf},
}

@Manual{ggmosaic,
  title = {ggmosaic: Mosaic Plots in the 'ggplot2' Framework},
  author = {Haley Jeppson and Heike Hofmann and Di Cook},
  year = {2017},
  note = {R package version 0.1.2},
  url = {https://CRAN.R-project.org/package=ggmosaic},
}

@Book{ggplot2,
  author = {Hadley Wickham},
  title = {ggplot2: Elegant Graphics for Data Analysis},
  publisher = {Springer-Verlag New York},
  year = {2016},
  isbn = {978-3-319-24277-4},
  url = {http://ggplot2.org},
}

@Manual{ggplot2movies,
  title = {ggplot2movies: Movies Data},
  author = {Hadley Wickham},
  year = {2015},
  note = {R package version 0.0.1},
  url = {https://CRAN.R-project.org/package=ggplot2movies},
}

@Manual{ggthemes,
  title = {ggthemes: Extra Themes, Scales and Geoms for 'ggplot2'},
  author = {Jeffrey B. Arnold},
  year = {2018},
  note = {R package version 3.4.2},
  url = {https://CRAN.R-project.org/package=ggthemes},
}

@Article{googleVis,
  title = {googleVis: Interface between R and the Google Visualisation API},
  author = {Markus Gesmann and Diego {de Castillo}},
  journal = {The R Journal},
  year = {2011},
  volume = {3},
  number = {2},
  pages = {40--44},
  month = {December},
  url = {https://journal.r-project.org/archive/2011-2/RJournal_2011-2_Gesmann+de~Castillo.pdf},
}

@Manual{gplots,
  title = {gplots: Various R Programming Tools for Plotting Data},
  author = {Gregory R. Warnes and Ben Bolker and Lodewijk Bonebakker and Robert Gentleman and Wolfgang Huber Andy Liaw and Thomas Lumley and Martin Maechler and Arni Magnusson and Steffen Moeller and Marc Schwartz and Bill Venables},
  year = {2016},
  note = {R package version 3.0.1},
  url = {https://CRAN.R-project.org/package=gplots},
}

@Manual{grid,
  title = {R: A Language and Environment for Statistical Computing},
  author = {{R Core Team}},
  organization = {R Foundation for Statistical Computing},
  address = {Vienna, Austria},
  year = {2017},
  url = {https://www.R-project.org/},
}

@Manual{gridExtra,
  title = {gridExtra: Miscellaneous Functions for "Grid" Graphics},
  author = {Baptiste Auguie},
  year = {2017},
  note = {R package version 2.3},
  url = {https://CRAN.R-project.org/package=gridExtra},
}

@Manual{huxtable,
  title = {huxtable: Easily Create and Style Tables for LaTeX, HTML and Other Formats},
  author = {David Hugh-Jones},
  year = {2018},
  note = {R package version 3.0.0},
  url = {https://CRAN.R-project.org/package=huxtable},
}

@Manual{ISOcodes,
  title = {ISOcodes: Selected ISO Codes},
  author = {Christian Buchta and Kurt Hornik},
  year = {2017},
  note = {R package version 2017.09.27},
  url = {https://CRAN.R-project.org/package=ISOcodes},
}

@Manual{kableExtra,
  title = {kableExtra: Construct Complex Table with 'kable' and Pipe Syntax},
  author = {Hao Zhu},
  year = {2018},
  note = {R package version 0.8.0},
  url = {https://CRAN.R-project.org/package=kableExtra},
}

@Manual{knitr1,
  title = {knitr: A General-Purpose Package for Dynamic Report Generation in R},
  author = {Yihui Xie},
  year = {2018},
  note = {R package version 1.20},
  url = {https://yihui.name/knitr/},
}

@Book{knitr2,
  title = {Dynamic Documents with {R} and knitr},
  author = {Yihui Xie},
  publisher = {Chapman and Hall/CRC},
  address = {Boca Raton, Florida},
  year = {2015},
  edition = {2nd},
  note = {ISBN 978-1498716963},
  url = {https://yihui.name/knitr/},
}

@InCollection{knitr3,
  booktitle = {Implementing Reproducible Computational Research},
  editor = {Victoria Stodden and Friedrich Leisch and Roger D. Peng},
  title = {knitr: A Comprehensive Tool for Reproducible Research in {R}},
  author = {Yihui Xie},
  publisher = {Chapman and Hall/CRC},
  year = {2014},
  note = {ISBN 978-1466561595},
  url = {http://www.crcpress.com/product/isbn/9781466561595},
}

@Manual{latex2exp,
  title = {latex2exp: Use LaTeX Expressions in Plots},
  author = {Stefano Meschiari},
  year = {2015},
  note = {R package version 0.4.0},
  url = {https://CRAN.R-project.org/package=latex2exp},
}

@Manual{leaflet,
  title = {leaflet: Create Interactive Web Maps with the JavaScript 'Leaflet'
Library},
  author = {Joe Cheng and Bhaskar Karambelkar and Yihui Xie},
  year = {2017},
  note = {R package version 1.1.0},
  url = {https://CRAN.R-project.org/package=leaflet},
}

@Manual{likert,
  title = {likert: Analysis and Visualization Likert Items},
  author = {Jason Bryer and Kimberly Speerschneider},
  year = {2016},
  note = {R package version 1.3.5},
  url = {https://CRAN.R-project.org/package=likert},
}

@Manual{lsa,
  title = {lsa: Latent Semantic Analysis},
  author = {Fridolin Wild},
  year = {2015},
  note = {R package version 0.73.1},
  url = {https://CRAN.R-project.org/package=lsa},
}

@Manual{lsr,
  title = {Learning statistics with R: A tutorial for psychology students and other beginners. (Version 0.5)},
  author = {Daniel Navarro},
  organization = {University of Adelaide},
  address = {Adelaide, Australia},
  year = {2015},
  note = {R package version 0.5},
  url = {http://ua.edu.au/ccs/teaching/lsr},
}

@Manual{magrittr,
  title = {magrittr: A Forward-Pipe Operator for R},
  author = {Stefan Milton Bache and Hadley Wickham},
  year = {2014},
  note = {R package version 1.5},
  url = {https://CRAN.R-project.org/package=magrittr},
}

@Book{MASS,
  title = {Modern Applied Statistics with S},
  author = {W. N. Venables and B. D. Ripley},
  publisher = {Springer},
  edition = {Fourth},
  address = {New York},
  year = {2002},
  note = {ISBN 0-387-95457-0},
  url = {http://www.stats.ox.ac.uk/pub/MASS4},
}

@Manual{methods,
  title = {R: A Language and Environment for Statistical Computing},
  author = {{R Core Team}},
  organization = {R Foundation for Statistical Computing},
  address = {Vienna, Austria},
  year = {2017},
  url = {https://www.R-project.org/},
}

@Article{mice,
  title = {{mice}: Multivariate Imputation by Chained Equations in R},
  author = {Stef {van Buuren} and Karin Groothuis-Oudshoorn},
  journal = {Journal of Statistical Software},
  year = {2011},
  volume = {45},
  number = {3},
  pages = {1--67},
  url = {http://www.jstatsoft.org/v45/i03/},
}

@Manual{modelr,
  title = {modelr: Modelling Functions that Work with the Pipe},
  author = {Hadley Wickham},
  year = {2017},
  note = {R package version 0.1.1},
  url = {https://CRAN.R-project.org/package=modelr},
}

@Article{mosaic,
  author = {Randall Pruim and Daniel T Kaplan and Nicholas J Horton},
  title = {The mosaic Package: Helping Students to 'Think with Data' Using R},
  journal = {The R Journal},
  volume = {9},
  number = {1},
  pages = {77--102},
  year = {2017},
  url = {https://journal.r-project.org/archive/2017/RJ-2017-024/index.html},
}

@Manual{nFactors,
  title = {an R package for parallel analysis and non graphical solutions to the Cattell scree test},
  author = {Gilles Raiche},
  year = {2010},
  note = {R package version 2.3.3.},
  url = {http://CRAN.R-project.org/package=nFactors},
}

@Manual{pander,
  title = {pander: An R 'Pandoc' Writer},
  author = {Gergely DarÃ³czi and Roman Tsegelskyi},
  year = {2017},
  note = {R package version 0.6.1},
  url = {https://CRAN.R-project.org/package=pander},
}

@Manual{papaja,
  author = {Frederik Aust and Marius Barth},
  title = {{papaja}: {Create} {APA} manuscripts with {R Markdown}},
  year = {2017},
  note = {R package version 0.1.0.9655},
  url = {https://github.com/crsh/papaja},
}

@Article{partykit1,
  title = {{partykit}: A Modular Toolkit for Recursive Partytioning in {R}},
  author = {Torsten Hothorn and Achim Zeileis},
  journal = {Journal of Machine Learning Research},
  year = {2015},
  volume = {16},
  pages = {3905-3909},
  url = {http://jmlr.org/papers/v16/hothorn15a.html},
}

@Article{partykit2,
  title = {Unbiased Recursive Partitioning: A Conditional Inference Framework},
  author = {Torsten Hothorn and Kurt Hornik and Achim Zeileis},
  journal = {Journal of Computational and Graphical Statistics},
  year = {2006},
  volume = {15},
  number = {3},
  pages = {651--674},
}

@Article{partykit3,
  title = {Model-Based Recursive Partitioning},
  author = {Achim Zeileis and Torsten Hothorn and Kurt Hornik},
  journal = {Journal of Computational and Graphical Statistics},
  year = {2008},
  volume = {17},
  number = {2},
  pages = {492--514},
}

@Manual{pdftools,
  title = {pdftools: Text Extraction, Rendering and Converting of PDF Documents},
  author = {Jeroen Ooms},
  year = {2018},
  note = {R package version 1.6},
  url = {https://CRAN.R-project.org/package=pdftools},
}

@Manual{plot3D,
  title = {plot3D: Plotting Multi-Dimensional Data},
  author = {Karline Soetaert},
  year = {2017},
  note = {R package version 1.1.1},
  url = {https://CRAN.R-project.org/package=plot3D},
}

@Article{plotROC,
  title = {{plotROC}: A Tool for Plotting ROC Curves},
  author = {Michael C. Sachs},
  journal = {Journal of Statistical Software, Code Snippets},
  year = {2017},
  volume = {79},
  number = {2},
  pages = {1--19},
  doi = {10.18637/jss.v079.c02},
}

@Manual{png,
  title = {png: Read and write PNG images},
  author = {Simon Urbanek},
  year = {2013},
  note = {R package version 0.1-7},
  url = {https://CRAN.R-project.org/package=png},
}

@Manual{prada,
  title = {prada: Data and R functions as a companion to my book "Statistik_21"},
  author = {Sebastian Sauer},
  year = {2017},
  note = {R package version 0.1.1},
}

@Manual{pradadata,
  title = {pradadata: Data Sets for Practical Data Analysis},
  author = {Sebastian Sauer},
  note = {R package version 0.1.3},
  url = {https://github.com/sebastiansauer/pradadata},
}

@Article{pROC,
  title = {pROC: an open-source package for R and S+ to analyze and compare ROC curves},
  author = {Xavier Robin and Natacha Turck and Alexandre Hainard and Natalia Tiberti and FrÃ©dÃ©rique Lisacek and Jean-Charles Sanchez and Markus MÃ¼ller},
  year = {2011},
  journal = {BMC Bioinformatics},
  volume = {12},
  pages = {77},
}

@Manual{pryr,
  title = {pryr: Tools for Computing on the Language},
  author = {Hadley Wickham},
  year = {2018},
  note = {R package version 0.1.4},
  url = {https://CRAN.R-project.org/package=pryr},
}

@Manual{psych,
  title = {psych: Procedures for Psychological, Psychometric, and Personality Research},
  author = {William Revelle},
  organization = { Northwestern University},
  address = { Evanston, Illinois},
  year = {2018},
  note = {R package version 1.8.3},
  url = {https://CRAN.R-project.org/package=psych},
}

@Manual{pwr,
  title = {pwr: Basic Functions for Power Analysis},
  author = {Stephane Champely},
  year = {2018},
  note = {R package version 1.2-2},
  url = {https://CRAN.R-project.org/package=pwr},
}

@Manual{RColorBrewer,
  title = {RColorBrewer: ColorBrewer Palettes},
  author = {Erich Neuwirth},
  year = {2014},
  note = {R package version 1.1-2},
  url = {https://CRAN.R-project.org/package=RColorBrewer},
}

@Manual{rlang,
  title = {rlang: Functions for Base Types and Core R and 'Tidyverse' Features},
  author = {Lionel Henry and Hadley Wickham},
  year = {2018},
  note = {R package version 0.2.0},
  url = {https://CRAN.R-project.org/package=rlang},
}

@Manual{rpart,
  title = {rpart: Recursive Partitioning and Regression Trees},
  author = {Terry Therneau and Beth Atkinson},
  year = {2018},
  note = {R package version 4.1-13},
  url = {https://CRAN.R-project.org/package=rpart},
}

@Article{rworldmap,
  author = {Andy South},
  title = {rworldmap: A New R package for Mapping Global Data},
  journal = {The R Journal},
  year = {2011},
  volume = {3},
  number = {1},
  pages = {35-43},
  month = {June},
  issn = {2073-4859},
  url = {http://journal.r-project.org/archive/2011-1/RJournal_2011-1_South.pdf},
}

@Manual{scales,
  title = {scales: Scale Functions for Visualization},
  author = {Hadley Wickham},
  note = {R package version 0.5.0.9000},
  url = {https://github.com/hadley/scales},
}

@Manual{SDMTools,
  title = {SDMTools: Species Distribution Modelling Tools: Tools for processing data
associated with species distribution modelling exercises},
  author = {Jeremy VanDerWal and Lorena Falconi and Stephanie Januchowski and Luke Shoo and Collin Storlie},
  year = {2014},
  note = {R package version 1.1-221},
  url = {https://CRAN.R-project.org/package=SDMTools},
}

@Manual{sf,
  title = {sf: Simple Features for R},
  author = {Edzer Pebesma},
  year = {2018},
  note = {R package version 0.6-1},
  url = {https://CRAN.R-project.org/package=sf},
}

@Manual{skimr,
  title = {skimr: Compact and Flexible Summaries of Data},
  author = {Amelia McNamara and Eduardo {Arino de la Rubia} and Hao Zhu and Shannon Ellis and Michael Quinn},
  year = {2018},
  note = {R package version 1.0.2},
  url = {https://CRAN.R-project.org/package=skimr},
}

@Manual{SnowballC,
  title = {SnowballC: Snowball stemmers based on the C libstemmer UTF-8 library},
  author = {Milan Bouchet-Valat},
  year = {2014},
  note = {R package version 0.5.1},
  url = {https://CRAN.R-project.org/package=SnowballC},
}

@Manual{stargazer,
  title = {stargazer: Well-Formatted Regression and Summary Statistics Tables},
  author = {Marek Hlavac},
  year = {2018},
  note = {R package version 5.2.1},
  organization = {Central European Labour Studies Institute (CELSI)},
  address = {Bratislava, Slovakia},
  url = {https://CRAN.R-project.org/package=stargazer},
}

@Manual{stringr,
  title = {stringr: Simple, Consistent Wrappers for Common String Operations},
  author = {Hadley Wickham},
  year = {2018},
  note = {R package version 1.3.0},
  url = {https://CRAN.R-project.org/package=stringr},
}

@Manual{tidyr,
  title = {tidyr: Easily Tidy Data with 'spread()' and 'gather()' Functions},
  author = {Hadley Wickham and Lionel Henry},
  year = {2018},
  note = {R package version 0.8.0},
  url = {https://CRAN.R-project.org/package=tidyr},
}

@Article{tidytext,
  title = {tidytext: Text Mining and Analysis Using Tidy Data Principles in R},
  author = {Julia Silge and David Robinson},
  doi = {10.21105/joss.00037},
  url = {http://dx.doi.org/10.21105/joss.00037},
  year = {2016},
  publisher = {The Open Journal},
  volume = {1},
  number = {3},
  journal = {JOSS},
}

@Manual{tidyverse,
  title = {tidyverse: Easily Install and Load the 'Tidyverse'},
  author = {Hadley Wickham},
  year = {2017},
  note = {R package version 1.2.1},
  url = {https://CRAN.R-project.org/package=tidyverse},
}

@Manual{twitteR,
  title = {twitteR: R Based Twitter Client},
  author = {Jeff Gentry},
  year = {2015},
  note = {R package version 1.1.9},
  url = {https://CRAN.R-project.org/package=twitteR},
}

@Article{VIM,
  title = {Imputation with the {R} Package {VIM}},
  author = {Alexander Kowarik and Matthias Templ},
  journal = {Journal of Statistical Software},
  year = {2016},
  volume = {74},
  number = {7},
  pages = {1--16},
  doi = {10.18637/jss.v074.i07},
}

@Manual{viridis,
  title = {viridis: Default Color Maps from 'matplotlib'},
  author = {Simon Garnier},
  year = {2018},
  note = {R package version 0.5.1},
  url = {https://CRAN.R-project.org/package=viridis},
}

@Manual{wesanderson,
  title = {wesanderson: A Wes Anderson Palette Generator},
  author = {Karthik Ram and Hadley Wickham},
  year = {2016},
  note = {R package version 0.3.4},
  url = {https://github.com/karthik/wesanderson},
}

@Manual{wordcloud,
  title = {wordcloud: Word Clouds},
  author = {Ian Fellows},
  year = {2014},
  note = {R package version 2.5},
  url = {https://CRAN.R-project.org/package=wordcloud},
}

@Manual{xtable,
  title = {xtable: Export Tables to LaTeX or HTML},
  author = {David B. Dahl},
  year = {2016},
  note = {R package version 1.8-2},
  url = {https://CRAN.R-project.org/package=xtable},
}

@Manual{yart,
  author = {Sebastian Sauer},
  title = {{yart}: A {RMarkdown} Template for writing PDF reports},
  year = {2017},
  note = {R package version 0.1.0},
  url = {https://github.com/sebastiansauer/yart},
}
