
@article{goodman_what_2016,
  langid = {english},
  title = {What Does Research Reproducibility Mean?},
  volume = {8},
  issn = {1946-6234, 1946-6242},
  doi = {10.1126/scitranslmed.aaf5027},
  number = {341},
  journaltitle = {Science Translational Medicine},
  shortjournal = {Sci. Transl. Med.},
  date = {2016-06-01},
  pages = {341ps12-341ps12},
  author = {Goodman, Steven N. and Fanelli, Daniele and Ioannidis, John P. A.}
}



@article{baker_1500_2016,
  title = {1,500 Scientists Lift the Lid on Reproducibility},
  volume = {533},
  issn = {0028-0836, 1476-4687},
  language = {en},
  number = {7604},
  journal = {Nature},
  doi = {10.1038/533452a},
  author = {Baker, Monya},
  month = may,
  year = {2016},
  pages = {452-454}
}



@book{McElreath2016,
  address = {{New York City, NY}},
  title = {Statistical {{Rethinking}}},
  isbn = {1-4822-5344-5},
  publisher = {{Apple Academic Press Inc.}},
  author = {McElreath, Richard},
  month = feb,
  year = {2016},
  ean = {9781482253443}
}


